
@book{colosimo,
	address = {São Paulo},
	author = {Enrico Antônio Colosimo and Suely Ruiz Giolo},
	publisher = {Blucher},
    edition = {1},
	title = {Análise de Sobrevivência Aplicada},
	year = {2006}}

@phdthesis{strapasson_mec_censura,
    author = {Elizabeth Strapasson},
    school = {Universidade de São Paulo - Escola Superior de Agricultura ``Luiz de Queiroz''},
    title = {Comparação de Modelos com Censura Intervalar em Análise de Sobreviência},
    type = {Doutorado em Agronomia},
    year = {2007}}

@article{caracteristica_da_censura, 
	author = {Paulo Joé Pereira and Mário Javier Ferrua Vivanco},
	journal = {Ciência e Agrotecnologia},
	number = {2},
    publisher = {Editora da Universidade Federal de Lavras},
    title = {Viabilidade da Aplicação de Mecanismos de Censura Tipo I e Aleatória em Dados Entomológicos},
	volume = {27},
	year = {2003}}

@article{estimativas_de_sobrevivencia,
    author = {Rosemeire de Olanda Ferraz and Djalma de Carvalho Moreira Filho},
	journal = {Ciência & Saúde Coletiva [online]},
	number = {11},
	title = {Análise de sobrevivência de mulheres com câncer de mama: modelos de riscos competitivos},
	volume = {21},
	year = {2017}}

@manual{cancer_2020,
    address = {Lyon: França},
    author = {INTERNATIONAL AGENCY FOR RESEARCH ON CANCER - IARC},
    title = {Cancer today},
    year = {2020}}

@manual{inca_2019,
   address = {Rio de Janeiro},   
   author = {Instituto Nacional de Câncer - INCA},
   edition = {5},  
   title = {Câncer de mama: vamos falar sobre isso?},
   year = {2019}}

@manual{inca_2022,
   address = {Rio de Janeiro}, 
   author = {Instituto Nacional de Câncer - INCA},  
   edition = {7},  
   title = {Câncer de mama: vamos falar sobre isso?},
   year = {2022}}

@article{estimativas_de_sobrevivencia_2,
    author = {Jenika Ferreira Dias and Natália Silva Martins and Clícia Valim Côrtes Gradim},
	title = {Análise de sobrevida de mulheres com câncer de mama.},
    journal = {Revista de Enfermagem UFPE On Line},
	year = {2018}}

@article{censura_aleatoria,
    author = {Vera Lucia Milani Martins and Liane Werner},
	journal = {Produto & Produção},
    number = {3},
	title = {Análise não paramétrica de falhas ao longo do calendário para alto-falantes},
	volume = {11},
	year = {2010}}

@Manual{pacote_survival,
    title = {survival: Survival Analysis},
    author = {Terry M Therneau and Thomas Lumley and Atkinson Elizabeth and Crowson Cynthia},
    year = {2022},
    note = {R package version 3.4-0},
    url = {https://cran.r-project.org/web/packages/survival}}

@article{breslow_e_crowley,
    author = {N. Breslow and J. Crowley},
    title = {A Large Sample Study of the Life Table and Product Limit Estimates Under Random Censorship},
    journal = {The Annals of Statistics},
    publisher = {JSTOR},
    pages = {437--453},
    year = {1974}}

@article{kaplan_e_meier,
    author = {E. L. Kaplan and Paul Meier},
    journal = {Journal of the American Statistical Association},
    pages = {457--481},
    title = {Nonparametric Estimation from Incomplete Observations},
    volume = {53},
    year = {1958}}

@article{mantel,
	title = {Evaluation of survival data and two new rank order statistics arising in its consideration},
	author = {Mantel, N},
	volume = {50},
	year = {1966},
	journal = {Cancer chemotherapy reports},
	pages = {163--170}}

@article{cox_veross_parcial,
    author = {Cox, D. R.},
    title = {Partial likelihood},
    journal = {Biometrika},
    volume = {62},
    number = {2},
    pages = {269--276},
    year = {1975}}

@article{cox_1972,
    author = {D. R. Cox},
    journal = {Journal of the Royal Statistical Society. Series B (Methodological)},
    pages = {187-220},
    title = {Regression Models and Life-Tables},
    volume = {34},
    year = {1972}}

@Manual{rstudio,
    title = {R: A Language and Environment for Statistical Computing},
    author = {R Core Team},
    organization = {R Foundation for Statistical Computing},
    address = {Vienna, Austria},
    year = {2023},
    url = {http://www.R-project.org}}


@Manual{R-Core-Team,
  title = {R: A Language and Environment for Statistical Computing},
  author = {{R Core Team}},
  organization = {R Foundation for Statistical Computing},
  address = {Vienna, Austria},
  year = {2023},
  url = {https://www.R-project.org/},
}


@Manual{python,
  title = {Python Language Reference},
  author = {{Python Software Foundation}},
  organization = {{Python Software Foundation}},
  year = {2023},
  url = {https://www.python.org/doc/},
  note = {Acesso em: [data de acesso].}
}


@article{cox_snell,
    author = {D. R. Cox and E. J. Snell},
    journal = {Journal of the Royal Statistical Society. Series B (Methodological)},
    number = {2},
    pages = {248--275},
    title = {A General Definition of Residuals},
    volume = {30},
    year = {1968}}

@book{lawless,
	address = {New York},
	author = {Jerald F. Lawless},
	publisher = {John Wiley and Sons},
    edition = {2},
	title = {Statistical Models and Methods for Lifetime Data},
	year = {1982}}

@book{sintomas,
	address = {São Paulo},
	author = {Antonio Carlos Buzaid and Fernando Cotait Maluf and Debora de Melo Gagliato},
	publisher = {Dentrix},
    edition = {2},
	title = {Vencer o Câncer de Mama},
	year = {2020}}

@article{prevencao, 
    author = {Thuler, Luiz Claudio}, 
    title = {Considerações sobre a prevenção do câncer de mama feminino}, 
    volume = {49}, 
    number = {4}, 
    journal = {Revista Brasileira de Cancerologia}, 
    year = {2003}, 
    pages = {227--238}}

@article{schoenfeld,
    author = {David Schoenfeld},
    journal = {Biometrika},
    pages = {239--241},
    title = {Partial Residuals for The Proportional Hazards Regression Model},
    volume = {69},
    year = {1982}}

@article{schoenfeld_padronizado,
    author = {Patricia M. Grambsch and Terry M. Therneau},
    journal = {Biometrika},
    number = {3},
    pages = {515--526},
    title = {Proportional Hazards Tests and Diagnostics Based on Weighted Residuals},
    volume = {81},
    year = {1994}}

%  =========  minhas citações ======================================



@article{smith2020,
  author  = {Mendes De Macedo and Charles},
  title   = {O que é Machine  Learning?},
  site = {http://charlesmms.azurewebsites.net/2017/10/06/o-que-e-machine-learning/},
  year = {2017}
}

@article{jones2018,
  author  = {Jones, Emily},
  title   = {Deep Learning Applications in Image Recognition},
  journal = {IEEE Transactions on Pattern Analysis and Machine Intelligence},
  year    = {2018},
  volume  = {40},
  number  = {2},
  pages   = {321-335},
}






@article{dsa,
  author  = {Data, Science Academy},
  title   = {Curso: Machine Learning},
  Site = {www.datascienceacademy.com.br},
  year    = {2022}
}


@article{suport,
  author  = {Ranjini Srinivas},
  title   = {Managing Large Data Sets Using Support Vector Machines},
  journal = {https://digitalcommons.unl.edu},
  acesso = {junho},
  year    = {2010},
}


@misc{datascienceacademy,
    title = {Curso:\hspace{0,1cm}Machine\hspace{0,1cm}Learning},
    author = {{Data\hspace{0,1cm}Science\hspace{0,1cm}Academy}},
    year = {2021},
    howpublished = {\url{https://www.datascienceacademy.com.br/course/machine-learning-engineer}},
    note = {Acesso em: 9 jun. 2023}
}




@book{livroingles1,
  author = {Alberto Fernandez and Ronaldo C. Prati and Mikel Galar and Bartosz Krawczyk and Francisco Herrera and Salvador Garcia},
  title = {Learning from imbalanced data sets},
  titleaddon = {Aprendendo com conjuntos de dados desequilibrados},
  year = {2018},
  publisher = {Springer}
}


@article{udersampling,
    author = {Michael Koziarski},
    journal = {Reconhecimento de padrões},
    number = {3},
    title = {Subamostragem baseada em radial para classificação de dados desequilibrados},
    volume = {102},
    year = {2020}}



@book{atributos,
    author = {Raquel Espinosa and Fernando Jiménez and José Palma  },
    journal = {Information Sciences},
    pages = {1064-1091},
    title = {Multi-surrogate assisted multi-objective evolutionary algorithms for feature selection in regression and classification problems with time series data},
    volume = {662},
    year = {2023}}



@article{Iaexpert,
    author = {Denny Ceccon },
    url={https://iaexpert.academy/2019/04/18/xgboost-a-evolucao-das-arvores-de-decisao/#:~:text=Os%20modelos%20baseados%20em%20%C3%A1rvores,prefer%C3%AAncia%20dos%20profissionais%20da%20%C3%A1rea.},  
    DOI={2019/04/18/xgboost-a-evolucao-das-arvores-de-decisao/#:~:text=Os%20modelos%20baseados%20em%20%C3%A1rvores,prefer%C3%AAncia%20dos%20profissionais%20da%20%C3%A1rea.},
    title = {XGBoost: A Evolução das Árvores de Decisão},
     journal = {IA EXPERT ACADEMY},
    year = {2019},
    month = {abr}}

}

article{minsauede,
%  author = "{ Brasil, Ministério da Saúde }",
%  title = "{Saiba como é feita a definição de casos suspeitos de Covid-19 no Brasi}",
  %year = {2021},
 % howpublished = "\url{https://www.saude.gov.br/}"
%}




@misc{minsaude,
    title = {Saiba como é feita a definição de casos suspeitos de Covid-19 no Brasi},
    author = { Ministério da Saúde Brasil},
    howpublished = {\url{https://brasilescola.uol.com.br/doencas/sindrome-respiratoria-aguda-grave-sars.html}},
    year = {2021}
}


@misc{brasilescola,
    title = {Síndrome respiratória aguda grave (Sars)},
    author = {Vanessa Sardinha dos Santos},
    howpublished = {\url{https://brasilescola.uol.com.br/doencas/sindrome-respiratoria-aguda-grave-sars.html}},
    note = {Acesso em: 9 jun. 2023},
    year = {2023}
}

@article{faelforest,
  author  = {Rafael Lima de Morais},
  title   = {Uso de Árvores Aleatórias para Classificação Sensorial de Arroz Cozido},
  journal = {Universidade de Brasília},
  year    = {2017},
  pages   = {22-25},
}



@incollection{shapley1953value,
  author = {Shapley, Lloyd S.},
  title = {A value for n-person games},
  booktitle = {Contributions to the Theory of Games},
  volume = {2},
  number = {28},
  pages = {307--317},
  year = {1953},
  publisher = {Princeton University Press}
}
%SANTOS, Vanessa Sardinha dos

@article{bezerra_grande_silva_2009,  
title={Análise e caracterização de modelos de custos que utilizam o valor de Shapley para alocação de custos entre departamentos},  
volume={16},  
ISSN={0104-530X},  
url={https://doi.org/10.1590/S0104-530X2009000100008},  
DOI={10.1590/S0104-530X2009000100008},  
number={1},  
journal={Gestão & Produção},  
publisher={Universidade Federal de São Carlos},  
author={Bezerra, Francisco Antonio and Grande, Jefferson Fernando and Silva, Adriano José da},  
year={2009},  
month={Jan},  
pages={74–84} }



@article{teste,  
title={Estudo dos Métodos de Classificação Supervisionada na
Identificação de Malignidade de Tumores Mamários},  
volume={},    
journal={},  
publisher={Universidade de São Paulo
Instituto de Matemática e Estatística},  
author={Bruna Bianchi Oliveira},  
year={2021},    
pages={14} }


article{avaliacao,  
title={ALGORITMOS DE MACHINE LEARNING
PARA PREVISÃO DE AÇÕES  DA B3},  
volume={},    
journal={},  
publisher={Universidade Federal de Uberlândia
          Faculdade de Engenharia Elétrica},  
author={Gustavo Carvalho Santos},  
year={2020},    
pages={50} }

@article{avaliacao,  
title={Algoritmos de Machine Learning para Previsão de Ações da B3},  
volume={},    
journal={},  
publisher={Universidade Federal de Uberlândia
          Faculdade de Engenharia Elétrica},  
author={Gustavo Carvalho Santos},  
year={2020},    
pages={50} }




@article{hiper,  
title={Otimização de hiperparâmetros em algoritmos de árvore de decisão utilizando computação evolutiva},  
volume={},    
journal={},  
publisher={UNIVERSIDADE FEDERAL DO TOCANTINS},  
author={FELIPE REIS MACEDO BARBOSA},  
year={2018},    
pages={16} }


@article{overfi,  
title={Classificação de Imagens de Frutas
utilizando Aprendizado de Máquina},  
volume={},    
journal={},  
publisher={UNIVERSIDADE FEDERAL DE SANTA CATARINA},  
author={Ayrton Lima da Rosa},  
year={2019},    
pages={31} }


@article{arvore,  
title={Árvores de Decisão},  
volume={},    
journal={},  
publisher={USP},  
author={Marcelo S. Lauretto},  
year={2010},    
pages={02} }



{arvore2,  
title={ALGORITMOS DE MACHINE LEARNING
PARA PREVISÃO DE AÇÕES DA B3
},  
volume={},    
journal={},  
publisher={USP},  
author={Gustavo Carvalho Santos},  
year={2020},    
pages={29} }


@article{XGBOST,  
title={XGBoost: A Evolução das Árvores de Decisão}, 
url={https://iaexpert.academy/2019/04/18/xgboost-a-evolucao-das-arvores-de-decisao/#:~:text=Os%20modelos%20baseados%20em%20%C3%A1rvores,prefer%C3%AAncia%20dos%20profissionais%20da%20%C3%A1rea.},  
DOI={2019/04/18/xgboost-a-evolucao-das-arvores-de-decisao/#:~:text=Os%20modelos%20baseados%20em%20%C3%A1rvores,prefer%C3%AAncia%20dos%20profissionais%20da%20%C3%A1rea.},   
publisher={IAEXPERT ACADEMY},  
author={Denny Ceccon},  
year={2019},
month = {abr} 
}



@article{pedregosa2011scikit,
  title={Scikit-learn: Machine learning in Python},
  author={Pedregosa, Fabian and Varoquaux, Ga{\"e}l and Gramfort, Alexandre and Michel, Vincent and Thirion, Bertrand and Grisel, Olivier and Blondel, Mathieu and Prettenhofer, Peter and Weiss, Ron and Dubourg, Vincent and others},
  journal={Journal of Machine Learning Research},
  volume={12},
  pages={2825--2830},
  year={2011}
}


@article{Curva,
    author = {Ana Cristina da Silva Braga},
    title = {CURVAS ROC:
ASPECTOS FUNCIONAIS
E APLICAÇÕES},
 pages = {32},
   publisher={Universidade do Minho},
    year = {2000},
    month = {dez}}


@article{juca,
    author = {RENATA ALVES DA SILVA},
    title = {AUTOMEDICAÇÃO RELACIONADA À SÍNDROME GRIPAL ENTRE ADULTOS
JOVENS EM TEMPOS DE PANDEMIA DA COVID – 19},
 pages = {14},
   publisher={VITÓRIA DE SANTO ANTÃO},
    year = {2022}}